@book{kraus2020fundamentals,
  title={Fundamentals of Radio Astronomy: Observational Methods},
  author={Kraus, John D. and Heiligman, Gerald M. and Koch, Timothy},
  year={2020},
  publisher={CRC Press},
  address={Boca Raton, FL},
  edition={2nd},
  isbn={9780367373429},
  url={https://www.routledge.com/Fundamentals-of-Radio-Astronomy-Observational-Methods/Kraus-Heiligman-Koch/p/book/9780367373429}
}
